@inproceedings{morgan2024predicting,
  title={Predicting Temporal Patterns in Keyword Searches with Recurrent Neural Networksâ€”Phenotyping Human Behaviour from Search Engine Usage},
  author={Morgan, Jay Paul and Boy, Frederic},
  booktitle={2024 International Conference on Machine Learning and Applications (ICMLA)},
  pages={876--881},
  year={2024},
  organization={IEEE}
}
