
@misc{noauthor_mps_2024,
	title = {{MPs} back proposals to legalise assisted dying},
	url = {https://www.bbc.com/news/articles/ckgzkp79npgo},
	abstract = {In the first Commons vote on the issue in nearly a decade, MPs support the assisted dying bill by 330 to 275.},
	language = {en-GB},
	urldate = {2024-11-29},
	journal = {BBC News},
	month = nov,
	year = {2024},
	note = {Section: Politics},
	file = {Snapshot:/Users/jaypaulmorgan/Zotero/storage/H5RUFTUG/ckgzkp79npgo.html:text/html},
}
