@InProceedings{StarId_WACV2025,
    author    = {Hepburn-Dickins, Floyd and Jones, Mark W. and Edwards, Mike and Morgan, Jay Paul and Bell, Steve},
    title     = {SIGNN -- Star Identification using Graph Neural Networks},
    booktitle = {accepted to Proceedings of the IEEE/CVF Winter Conference on Applications of Computer Vision (WACV)},
    month     = {February},
    year      = {2025},
}
