@article{poupard2024first,
  title={A first vocal repertoire characterization of long-finned pilot whales (Globicephala melas) in the Mediterranean Sea: a machine learning approach},
  author={Poupard, M and Best, P and Morgan, JP and Pavan, G},
  journal={Royal Society Open Science},
  volume={11},
  number={11},
  pages={231973},
  year={2024},
  publisher={The Royal Society}
}
