@article{chaoui2024removing,
  title={Removing cloud shadows from ground-based solar imagery},
  author={Chaoui, Amal and Morgan, Jay Paul and Paiement, Adeline and Aboudarham, Jean},
  journal={Machine Vision and Applications},
  volume={35},
  number={6},
  pages={125},
  year={2024},
  publisher={Springer}
}
